@article{wolpert,
	author = "P. Wolpert",
	title = "Expressing interesting properties of programs in propositional temporal logic",
	journal = "POPL",
	year = "1986"
	}

@article{abstint,
	author = "P. Cousot and R. Cousot",
	title = "Abstract interpretation: a unified lattice model for static analysis of programs by construction or approximation of fixpoints",
	journal = "POPL",
	year = "1977"
	}

@article{mcmillan,
	author = "K.L.McMillan",
	title = "Verification of Infinite State Systems by Compositional Model Checking",
	journal = "CHARME",
	year = "1999"
	}

@article{long,
	author = "D.E.Long",
	title = "Model checking, abstraction, and compositional verification",
	journal = "Technical report CMU-CS-93-178, CMU School of Comp. Sci.(PhD Thesis)",
	year = "1993"
	}

@article{self,
	author = "M.Talupur and M. Tuttle",
	title = "Going with the Flow: Parameterized Verification using Message Flows. ",
	journal = "FMCAD",
	year = "2008"
	}


@article{loopshrink,
	author = "S. Kumar and A. Sanyal and R. Venkatesh and P. Shah",
	title = "Property Checking Array Programs Using Loop Shrinking",
	journal = "TACAS",
	year = "2018"
	}

@article{loopabs,
	author = "P. Darke and B. Chimdyalwar and R. Venkatesh and U. Shrotri and R. Metta",
	title = "Over-approximating loops to prove properties using bounded model checking",
	journal = "DATE",
	year = "2015"
	}

@article{veriabs,
	author = "P. Darke and S. Prabhu and B. Chimdyalwar and A. Chauhan and S. Kumar and \\
                  A. Basakchowdhury and R. Venkatesh and A. Datar and R. K. Medicherla",
	title = "VeriAbs: Verification by Abstraction and Test Generation",
	journal = "TACAS",
	year = "2018"
	}

@article{cbmc,
	author = "D. Kroening and M. Tautschnig",
	title = "C Bounded Model Checker",
	journal = "TACAS",
	year = "2014"
	}

@article{cpachecker1,
	author = "D. Beyer and M. Dangl and P. Wendler",
	title = "A Unifying View on SMT Based Software Verification",
	journal = "Journal of Automated Reasoning",
	year = "2018"
	}

@article{cpachecker2,
	author = "D. Beyer and M. E. Keremoglu",
	title = "CPAchecker: A Tool for Configurable Software Verification",
	journal = "CAV",
	year = "2011"
	}


@article{lazyannotations,
	author = "K. McMillan",
	title = "Lazy Annotation for Program Testing and Verification",
	journal = "CAV",
	year = "2010"
	}

@article{lazyabstraction,
	author = "T. Henzinger and R. Jhala and R. Majumdar",
	title = "Lazy Abstraction",
	journal = "POPL",
	year = "2002"
	}

@article{kinduction,
	author = "M. Sheeran and S. Singh and G. Stalmarck",
	title = "Checking safety properties using induction and a SAT solver",
	journal = "FMCAD",
	year = "2000"
	}

@article{seahorn,
	author = "A. Gurfinkel and T. Kahsai and A. Komuravelli and J. A. Navas",
	title = "The SeaHorn Verification Framework",
	journal = "CAV",
	year = "2015"
	}

@article{ic3,
	author = "A. Bradley",
	title = "SAT based Model Checking without Unrolling",
	journal = "VMCAI",
	year = "2011"
	}

@article{kroeningloops,
	author = "D. Kroening and M. Lewis and G. Weissenbacher.",
	title = "Under-approximating loops in C programs for fast counterexample detection.",
	journal = "CAV",
	year = "2013"
	}

@article{abc,
	author = "T. Hottelier and R. Blanc and T. Henzinger and L. Kovacs.",
	title = " Abc: Algebraic bound computation for loops.",
	journal = "Lecture Notes in Computer Science",
	year = "2010"
	}
